@INPROCEEDINGS{multi-destination-routing, 
author={Jin Lei and Ozguner, U.}, 
booktitle={Decision and Control, 1999. Proceedings of the 38th IEEE Conference on}, 
title={Combined decentralized multi-destination dynamic routing and real-time traffic light control for congested traffic networks}, 
year={1999}, 
month={}, 
volume={4}, 
pages={3277-3282 vol.4}, 
keywords={decentralised control;real-time systems;road traffic;signalling;traffic control;congested traffic networks;decentralized control;downstream link;intersection control;multiple destination routing;real-time system;road traffic control;traffic light control;Communication system traffic control;Control system analysis;Control systems;Delay effects;Distributed control;Intelligent transportation systems;Lighting control;Routing;Traffic control;Vehicle dynamics}, 
doi={10.1109/CDC.1999.827776}, 
ISSN={0191-2216},
}

@inproceedings{sumo_overview,
  title={SUMO (Simulation of Urban MObility)},
  author={Krajzewicz, Daniel and Hertkorn, Georg and R{\"o}ssel, C and Wagner, P},
  booktitle={Proceedings of the 4th middle east symposium on simulation and modelling},
  pages={183--187},
  year={2002}
}

@MISC{mixim_website,
author = {MiXiM},
title = {MiXiM},
year = {2014},
url = {http://mixim.sourceforge.net/},
urlaccessdate = {01 de julho de 2014}
}

@MISC{cpp_website,
author = {cplusplus.com},
title = {A Brief Description},
year = {2014},
url = {http://www.cplusplus.com/info/description/},
urlaccessdate = {01 de julho de 2014}
}

@MISC{java_website,
author = {Oracle},
title = {java.com: Java + You},
year = {2014},
url = {https://www.java.com},
urlaccessdate = {01 de julho de 2014}
}

@MISC{python_website,
author = {Python Software Foundation},
title = {Welcome to Python.org},
year = {2014},
url = {http://www.python.org},
urlaccessdate = {01 de julho de 2014}
}

@MISC{omnet_website,
author = {OMNeT++ Community},
title = {OMNeT++ Network Simulation Framework},
year = {2014},
url = {http://www.omnetpp.org},
urlaccessdate = {01 de julho de 2014}
}

@MISC{veins_website,
author = {Christoph Sommer},
title = {Veins},
year = {2014},
url = {http://veins.car2x.org},
urlaccessdate = {01 de julho de 2014}
}

@MISC{sumo_tracl_website,
author = {German Aerospace Center, Institute of Transportation Systems},
title = {TraCl - SUMO},
year = {2014},
url = {http://sumo-sim.org/wiki/TraCI},
urlaccessdate = {01 de julho de 2014}
}

@MISC{sumo_website,
author = {German Aerospace Center, Institute of Transportation Systems},
title = {SUMO - Simulation of Urban MObility},
year = {2014},
url = {http://sumo-sim.org/},
urlaccessdate = {01 de julho de 2014}
}

@INPROCEEDINGS{4338884, 
author={Jingyu Liu and Yanjun Fang and Yijian Liu}, 
booktitle={Automation and Logistics, 2007 IEEE International Conference on}, 
title={Ant Colony System Algorithm for Path Routing of Urban Traffic Vehicles}, 
year={2007}, 
month={Aug}, 
pages={1902-1907}, 
keywords={road traffic;road vehicles;search problems;ant colony system algorithm;heuristics searching;urban traffic vehicles path routing;Algorithm design and analysis;Automatic control;Automation;Computational modeling;Cost function;Logistics;Roads;Routing;Traffic control;Vehicle detection;Ant colony system;Inspired heuristics search;Path routing;Urban traffic system}, 
doi={10.1109/ICAL.2007.4338884},
}

@article{aco_continuous_domains,
title = "Ant colony optimization for continuous domains ",
journal = "European Journal of Operational Research ",
volume = "185",
number = "3",
pages = "1155 - 1173",
year = "2008",
note = "",
issn = "0377-2217",
doi = "http://dx.doi.org/10.1016/j.ejor.2006.06.046",
url = "http://www.sciencedirect.com/science/article/pii/S0377221706006333",
author = "Krzysztof Socha and Marco Dorigo",
keywords = "Ant colony optimization",
keywords = "Continuous optimization",
keywords = "Metaheuristics "
}



@book{fhwa_manual,
title={Traffic Signal Timing Manual},
author={Federal Highway Administration, U.S. Department of administration},
url={http://ops.fhwa.dot.gov/publications/fhwahop08024/fhwa\_hop\_08\_024.pdf},
year={2008},
publisher={Federal Highway Administration}
}

@MISC{scoot_website,
author = {TRL},
title = {SCOOT},
year = {2014},
url = {http://www.scoot-utc.com/},
urlaccessdate = {20 de maio de 2014}
}

@INPROCEEDINGS{scoot_the_future,
author={Bretherton, D. and Bodger, M. and Baber, N.}, 
booktitle={Road Transport Information and Control, 2004. RTIC 2004. 12th IEE International Conference on}, 
title={SCOOT - the future [urban traffic control]}, 
year={2004}, 
month={April}, 
pages={301-306}, 
keywords={data communication;road traffic;traffic control;transportation;SCOOT;bus priority;congestion control;puffin pedestrian facilities;traffic manager;urban traffic control system}, 
doi={10.1049/cp:20040045}, 
ISSN={0537-9989},
}


@article{Adacher20121270,
title = "A Global Optimization Approach to Solve the Traffic Signal Synchronization Problem ",
journal = "Procedia - Social and Behavioral Sciences ",
volume = "54",
number = "0",
pages = "1270 - 1277",
year = "2012",
note = "Proceedings of \{EWGT2012\} - 15th Meeting of the \{EURO\} Working Group on Transportation, September 2012, Paris ",
issn = "1877-0428",
doi = "http://dx.doi.org/10.1016/j.sbspro.2012.09.841",
url = "http://www.sciencedirect.com/science/article/pii/S1877042812043030",
author = "L. Adacher",
keywords = "Stochastic Optimization",
keywords = "Surrogate Method",
keywords = "Traffic Signal Synchronization. "
}

@INPROCEEDINGS{827776_multi_destination_routing, 
author={Jin Lei and Ozguner, U.}, 
booktitle={Decision and Control, 1999. Proceedings of the 38th IEEE Conference on}, 
title={Combined decentralized multi-destination dynamic routing and real-time traffic light control for congested traffic networks}, 
year={1999}, 
month={}, 
volume={4}, 
pages={3277-3282 vol.4}, 
keywords={decentralised control;real-time systems;road traffic;signalling;traffic control;congested traffic networks;decentralized control;downstream link;intersection control;multiple destination routing;real-time system;road traffic control;traffic light control;Communication system traffic control;Control system analysis;Control systems;Delay effects;Distributed control;Intelligent transportation systems;Lighting control;Routing;Traffic control;Vehicle dynamics}, 
doi={10.1109/CDC.1999.827776}, 
ISSN={0191-2216},
}

@book{kelton2002simulation,
title={Simulation with Arena},
author={Kelton, W.D. and Sadowski, R.P. and Sadowski, D.A.},
isbn={9780072392708},
lccn={2001032708},
series={McGraw-Hill Series in Industrial Engineering and Management Science},
url={https://encrypted.google.com/books?id=41eqQgAACAAJ},
year={2002},
publisher={McGraw-Hill School Education Group}
}

@book{banks2013discrete,
title={Discrete-Event System Simulation: Pearson New International Edition},
author={Banks, J. and Carson, J.S. and Nelson, B.L. and Nicol, D.M.},
isbn={9781292024370},
url={https://encrypted.google.com/books?id=7kPlnQEACAAJ},
year={2013},
publisher={Pearson Education, Limited}
}

@INPROCEEDINGS{noori_VANET, 
author={Noori, H.}, 
booktitle={Communications Workshops (ICC), 2013 IEEE International Conference on}, 
title={Modeling the impact of VANET-enabled traffic lights control on the response time of emergency vehicles in realistic large-scale urban area}, 
year={2013}, 
month={June}, 
pages={526-531}, 
keywords={energy consumption;road traffic;transportation;vehicular ad hoc networks;wireless LAN;802.11p standard;Cologne;Germany;ITS architecture;Manhattan realistic map;OMNET++;SUMO;V2I applications;VANET-enabled traffic lights control;Veins framework;car-to-car communications;car-to-infrastructure communications;communication technologies;emergency vehicles response time;fuel consumption;intelligent traffic lights;intelligent transportation systems;large-scale urban area;network simulator;traffic simulation;traffic simulator;transportation activities;waiting time;Cities and towns;Delays;Time factors;Traffic control;Vehicles;Vehicular ad hoc networks;Veins;802.11p;Beaconing;Emergency Vehicles response time;OMNET++;SUMO;VANET;Veins;intelligent traffic lights;intelligent transportation systems (ITSs);vehicle-to-infrastructure communications(V2I)},
doi={10.1109/ICCW.2013.6649290},
}

@INPROCEEDINGS{6252852_ant_colony_traffic_signal, 
author={Renfrew, D. and Xiao-Hua Yu},
booktitle={Neural Networks (IJCNN), The 2012 International Joint Conference on}, 
title={Traffic signal optimization using Ant Colony Algorithm}, 
year={2012}, 
month={June}, 
pages={1-7}, 
keywords={adaptive control;ant colony optimisation;combinatorial mathematics;road traffic control;search problems;stochastic programming;ant colony algorithm;ant colony optimization;combinatorial optimization problem;computer simulation;decentralized nature;food searching;meta-heuristic algorithm;real-time adaptive control;rolling horizon approach;stochastic nature;traffic network efficiency improvement;traffic signal control;traffic signal optimization;Algorithm design and analysis;Convergence;Delay;Heuristic algorithms;Optimization;Vehicles;Ant colony algorithm;optimization;traffic signal control}, 
doi={10.1109/IJCNN.2012.6252852}, 
ISSN={2161-4393},
}

@MISC{sumo_simulator,
author = {German Aerospace Center, Institute of Transportation Systems},
title = {SUMO - Simulation of Urban MObility},
year = {2014},
url = {http://sumo-sim.org/},
urlaccessdate = {20 de maio de 2014}
}

@book{dorigo2004ant,
  title={Ant Colony Optimization},
  author={Dorigo, M. and St{\"u}tzle, T.},
  isbn={9780262042192},
  lccn={2003066629},
  series={A Bradford book},
  url={https://encrypted.google.com/books?id=\_aefcpY8GiEC},
  year={2004},
  publisher={BRADFORD BOOK}
}

@MISC{gazeta,
   author = {Gazeta do Povo},
   title = {Paraná fecha 2013 com frota de 6,16 milhões de veículos},
   year = {2014},
   url = {http://www.gazetadopovo.com.br/vidaecidadania/conteudo.phtml?id=1441308},
   urlaccessdate = {12 de maio de 2014}
}

@ARTICLE{Cordon02areview,
    author = {Oscar Cordon and Francisco Herrera and Thomas St\"utzle},
    title = {A Review on the Ant Colony Optimization Metaheuristic: Basis, Models and New Trends},
    journal = {Mathware \& Soft Computing},
    year = {2002},
    volume = {9},
    pages = {141--175}
}

@incollection{organic-traffic-control,
	year={2008},
	isbn={978-3-540-69294-2},
	booktitle={Autonomic and Trusted Computing},
	volume={5060},
	series={Lecture Notes in Computer Science},
	editor={Rong, Chunming and Jaatun, MartinGilje and Sandnes, FrodeEika and Yang, LaurenceT. and Ma, Jianhua},
	doi={10.1007/978-3-540-69295-9_19},
	title={Organic Control of Traffic Lights},
	url={http://dx.doi.org/10.1007/978-3-540-69295-9\_19},
	publisher={Springer Berlin Heidelberg},
	author={Prothmann, Holger and Rochner, Fabian and Tomforde, Sven and Branke, Jürgen and Müller-Schloer, Christian and Schmeck, Hartmut},
	pages={219-233}
}

@INPROCEEDINGS{organic-traffic-control_progressive, 
	author={Tomforde, S. and Prothmann, H. and Rochner, F. and Branke, J. and Hahner, J. and Muller-Schloer, C. and Schmeck, H.}, 
	booktitle={Self-Adaptive and Self-Organizing Systems, 2008. SASO '08. Second IEEE International Conference on}, 
	title={Decentralised Progressive Signal Systems for Organic Traffic Control}, 
	year={2008}, 
	month={Oct}, 
	pages={413-422}, 
	keywords={adaptive control;distributed control;road traffic;adaptive control system;decentralised progressive signal systems;distributed control system;dynamic traffic light coordination;organic traffic control;traffic congestion problems;traffic light coordination;Adaptive systems;Centralized control;Communication system traffic control;Control systems;Environmental economics;Fuel economy;Lighting control;Programmable control;Telecommunication traffic;Traffic control}, 
	doi={10.1109/SASO.2008.31},
}

@book{nema_standard,
	year={2003},
	title={NEMA Standards Publication TS 2-2003 v02.06 - Traffic Controller Assemblies with NTCIP Requirements},
	author={National Electrical Manufacturers Association},
	publisher={National Electrical Manufacturers Association},
}

@book{castro2006,
    author    = {Leandro Nunes Castro},
    title     = {Fundamentals of Natural Computing: Basic Concepts, Algorithms and Applications},
    publisher = {Chapman \& Hall/CRC},
    year      = {2006},
    address = {Boca Raton, Florida, USA}
}

@book{ENGELBRECHT2007,
    author = {Andries P. Engelbrecht},
    title = {Computational Intelligence: An Introduction},
    publisher = {Wiley},
    year = {2007},
    address = {West Sussex, England}
}

@article{vendramin2012a,
  author = {Ana Cristina B. Kochem Vendramin and Anelise Munaretto and Myriam Delgado and Aline C. Viana},
  title = {Gr\textsc{A}nt: Inferring Best Forwarders from Complex Networks' Dynamics through a Greedy Ant Colony Optimization},
  journal = {Computer Networks},
  volume = {56},
  number = {3},
  year = {2012},
  pages = {997--1015}
}

@article{cao2012,
  author = {Yue Cao and Zhili Sun},
  title = {Routing in Delay/Disruption Tolerant Networks: A Taxonomy, Survey and Challenges},
  journal = {IEEE Communication Surveys \& Tutorials},
  volume = {PP},
  number = {99},
  year  = {2012},
  pages = {1--24}
}

@MISC{mills2004,
   author = {Patrick Milss and Edward Tsang and Qingfu Zhang and John Ford},
   title = {A Survey of AI-based meta-heuristics for Dealing with Local Optima in Local Search},
   year = {2004},
   note = {Technical Report Series, n. CSM-416},
   url = {http://www.essex.ac.uk/csee/research/publications/technicalreports/2004/csm416.pdf},
   urlaccessdate = {8 de agosto de 2011}
}

@MISC{mills2004,
   author = {Patrick Milss and Edward Tsang and Qingfu Zhang and John Ford},
   title = {A Survey of AI-based meta-heuristics for Dealing with Local Optima in Local Search},
   year = {2004},
   note = {Technical Report Series, n. CSM-416},
   url = {http://www.essex.ac.uk/csee/research/publications/technicalreports/2004/csm416.pdf},
   urlaccessdate = {8 de agosto de 2011}
}

@MISC{NormasUTFPR,
    author = {UTFPR},
    note = {Universidade Tecnológica Federal do Paraná. Comissão de Normalização de Trabalhos Acadêmicos},
    title = {Normas para elaboração de trabalhos acadêmicos},
    publisher = {UTFPR},
    year = {2008},
    address = {Curitiba, Paraná},
    url = {http://www.utfpr.edu.br/dibib/normas-para-elaboracao-de-trabalhos-academicos},
}

@MISC{RFC5050,
   author = {Keith L. Scott and Scott C. Burleigh},
   title = {Bundle Protocol Specification},
   year = {2007},
   note = {RFC 5050, DTN Research Group},
   url = {http://www.ietf.org/rfc/rfc5050.txt},
   urlaccessdate = {4 de maio de 2010}
}

@inproceedings{vendramin2012b,
  author = {Ana Cristina B. Kochem Vendramin and Anelise Munaretto and Myriam Delgado and Aline C. Viana},
  title = {C\textsc{G}r\textsc{A}nt: A Swarm Intelligence-based Routing Protocol for Delay Tolerant Networks},
  booktitle = {Proceedings of the 2012 Genetic and Evolutionary Computation Conference - GECCO 2012},
  pages = {33--40},
  year  = {2012},
  address = {Philadelphia, PA, USA},
  publisher = {ACM}
}

@inproceedings{vendramin2011,
  author = {Ana Cristina B. Kochem Vendramin and Anelise Munaretto and Myriam Delgado and Aline C. Viana},
  title = {A Greedy Ant Colony Optimization for Routing in Delay Tolerant Networks},
  booktitle = {First International Workshop on Smart Communication Protocols And Algorithms - GLOBECOM 2011},
  pages = {1127--1132},
  year  = {2011},
  address = {Houston, Texas, USA},
  publisher = {ACM}
}

@Thesis{vendramin2012c,
  author  = {Ana Cristina Barreiras Kochem Vendramin},
  title   = {Cultural GrAnt: um Protocolo de Roteamento baseado em Inteligência Coletiva para Redes Tolerantes a Atrasos},
  school  = {Universidade Tecnológica Federal do Paraná},
  address = {Curitiba, PR, Brasil},
  year    = {2012},
  type    = {Tese de Doutorado}
}

@Thesis{saleem2001,
  author  = {Saleh M. Saleem},
  title   = {Knowledge-based Solution to Dynamic Optimization Problems using Cultural Algorithms},
  school  = {Wayne State University},
  address = {Detroit, Michigan, USA},
  year    = {2001},
  type    = {Tese de Doutorado}
}
